<?xml version="1.0" encoding="UTF-8"?><collection xmlns="http://www.loc.gov/MARC21/slim"><record><leader>00490nam--2200157-i-4500</leader><controlfield tag="001">000017638</controlfield><controlfield tag="002">20161230</controlfield><controlfield tag="005">20170210131230</controlfield><controlfield tag="008">060222s1000------------r-----000-0-eng-d</controlfield><datafield ind1=" " ind2=" " tag="080"><subfield code="a">541.15(047:520):061.62(047:520)</subfield></datafield><datafield ind1=" " ind2=" " tag="245"><subfield code="a">The activities in the Osaka Laboratory for Radiation Chemistry April 1, 1969 - March 31, 1970</subfield></datafield><datafield ind1=" " ind2=" " tag="260"><subfield code="a">Osaka</subfield><subfield code="b">Japan Atomic Energy Research Institute</subfield><subfield code="c">1969-1970</subfield></datafield><datafield ind1=" " ind2=" " tag="300"><subfield code="a">171 p</subfield></datafield><datafield ind1=" " ind2=" " tag="490"><subfield code="a">Jaeri</subfield><subfield code="v">5026</subfield></datafield><datafield ind1=" " ind2=" " tag="852"><subfield code="a">23010</subfield></datafield><datafield ind1=" " ind2=" " tag="CAT"><subfield code="a">SYS</subfield><subfield code="c">20170210</subfield><subfield code="h">131230</subfield></datafield></record></collection>